<?xml version="1.0" encoding="UTF-8"?><record xmlns="http://www.loc.gov/MARC21/slim" xmlns:cinclude="http://apache.org/cocoon/include/1.0" xmlns:zs="http://www.loc.gov/zing/srw/">
  <leader>00399nz  a2200121n  4500</leader>
  <controlfield tag="001">n 2005051448</controlfield>
  <controlfield tag="003">DLC</controlfield>
  <controlfield tag="005">20050713172654.0</controlfield>
  <controlfield tag="008">050713n| acannaabn          |n aaa      </controlfield>
  <datafield tag="010" ind1=" " ind2=" ">
    <subfield code="a">n 2005051448</subfield>
  </datafield>
  <datafield tag="040" ind1=" " ind2=" ">
    <subfield code="a">DLC</subfield>
    <subfield code="b">eng</subfield>
    <subfield code="c">DLC</subfield>
  </datafield>
  <datafield tag="100" ind1="1" ind2=" ">
    <subfield code="a">Herie, Euclid,</subfield>
    <subfield code="d">1939-</subfield>
  </datafield>
  <datafield tag="670" ind1=" " ind2=" ">
    <subfield code="a">Herie, Euclid. Journey to independence, c2005:</subfield>
    <subfield code="b">t.p. (Euclid Herie) Can CIP (hdg.: Herie, Euclid J.; usage: Euclid Herie) jkt. (b. 1939)</subfield>
  </datafield>
</record>